<?xml version="1.0" encoding="UTF-8"?><record xmlns="http://www.loc.gov/MARC21/slim" xmlns:cinclude="http://apache.org/cocoon/include/1.0" xmlns:zs="http://www.loc.gov/zing/srw/">
  <leader>00537nz  a2200145n  4500</leader>
  <controlfield tag="001">no2003022211</controlfield>
  <controlfield tag="003">DLC</controlfield>
  <controlfield tag="005">20030308071115.0</controlfield>
  <controlfield tag="008">030307n| acannaabn          |n aaa     c</controlfield>
  <datafield tag="010" ind1=" " ind2=" ">
    <subfield code="a">no2003022211</subfield>
  </datafield>
  <datafield tag="035" ind1=" " ind2=" ">
    <subfield code="a">(OCoLC)oca05991136</subfield>
  </datafield>
  <datafield tag="040" ind1=" " ind2=" ">
    <subfield code="a">NBuU</subfield>
    <subfield code="b">eng</subfield>
    <subfield code="c">NBuU</subfield>
  </datafield>
  <datafield tag="100" ind1="1" ind2=" ">
    <subfield code="a">Geeding, Daniel W.</subfield>
  </datafield>
  <datafield tag="670" ind1=" " ind2=" ">
    <subfield code="a">Management principles and practices, c1977:</subfield>
    <subfield code="b">t.p. (Daniel W. Geeding, Ph.D.) p. viii (assoc. prof., management, Xavier Univ.)</subfield>
  </datafield>
  <datafield tag="670" ind1=" " ind2=" ">
    <subfield code="a">OCLC, Mar. 3, 2003</subfield>
    <subfield code="b">(hdg.: Geeding, Daniel W.; Geeding, Daniel Williams; usage: Daniel W. Geeding)</subfield>
  </datafield>
</record>